@PHDTHESIS{Jankowski1999,
  author = {Jankowski, J.A.},
  title = {{A non-hydrostatic model for free surface flows}},
  school = {Universit\"{a}t Hannover},
  year = {1999},
  note = {Bericht Nr. 56/1999, Institut f\"{u}r Str\"{o}mungsmechanik und ERiB}
}

@article{Laitone1960,
  title={The second approximation to cnoidal and solitary waves},
  author={E. V. Laitone},
  journal={Journal of Fluid Mechanics},
  volume={9},
  year={1960},
  pages={430--444}
}

@article{Ramaswamy1990,
  title={Numerical simulation of unsteady viscous free surface flow},
  author={B. Ramaswamy},
  journal={Journal of Computational Physics},
  volume={90},
  year={1990},
  pages={396--430}
}

